<?xml version="1.0" encoding="utf-8"?>
<record xmlns="http://www.loc.gov/MARC21/slim" xmlns:xsi="http://www.w3.org/2001/XMLSchema-instance" xsi:schemaLocation="http://www.loc.gov/MARC21/slim http://www.loc.gov/standards/marcxml/schema/MARC21slim.xsd">
	<leader>     nam a22     Mi 4500</leader>
	<controlfield tag="001">811145</controlfield>
	<controlfield tag="003">NjP</controlfield>
	<controlfield tag="006">m        d        </controlfield>
	<controlfield tag="007">cr cn |||m|||a</controlfield>
	<controlfield tag="008">201005m19899999ir      ob    000 0 arard</controlfield>
	<datafield ind1=" " ind2=" " tag="040">
		<subfield code="a">ZYU</subfield>
		<subfield code="b">ara</subfield>
		<subfield code="e">rda</subfield>
		<subfield code="c">ZYU</subfield>
	</datafield>
	<datafield ind1=" " ind2="4" tag="050">
		<subfield code="a">BP156.A5718</subfield>
		<subfield code="b">M37 1989</subfield>
	</datafield>
	<datafield ind1="1" ind2=" " tag="100">
		<subfield code="6">880-01</subfield>
		<subfield code="a">Marūjī al-Qazwīnī, ʻAlī.</subfield>
	</datafield>
	<datafield ind1="1" ind2="0" tag="245">
		<subfield code="6">880-02</subfield>
		<subfield code="a">Tamhīd al-wasāʼil fī sharḥ al-Rasāʼil li-ustādh al-fuqahāʼ wa-al-mujtahidīn al-Shaykh Murtaḍá al-Anṣārī ... /</subfield>
		<subfield code="c">taʼlīf ʻAlī al-Marūjī al-Qazwīnī.</subfield>
	</datafield>
	<datafield ind1=" " ind2=" " tag="250">
		<subfield code="6">880-03</subfield>
		<subfield code="a">al-Ṭabʻah 1.</subfield>
	</datafield>
	<datafield ind1=" " ind2=" " tag="260">
		<subfield code="6">880-04</subfield>
		<subfield code="a">[Iran?] :</subfield>
		<subfield code="b">Maṭbaʻat Maktab al-Nashr al-Islāmī,</subfield>
		<subfield code="c">1410- [1989 or 1990]-</subfield>
	</datafield>
	<datafield ind1=" " ind2=" " tag="300">
		<subfield code="a">online resource (volumes)</subfield>
	</datafield>
	<datafield ind1=" " ind2=" " tag="336">
		<subfield code="a">text</subfield>
		<subfield code="2">rdacontent</subfield>
	</datafield>
	<datafield ind1=" " ind2=" " tag="337">
		<subfield code="a">computer</subfield>
		<subfield code="2">rdamedia</subfield>
	</datafield>
	<datafield ind1=" " ind2=" " tag="338">
		<subfield code="a">online resource</subfield>
		<subfield code="2">rdacarrier</subfield>
	</datafield>
	<datafield ind1=" " ind2=" " tag="500">
		<subfield code="a">Vol. 3 published by: Maktabat al-Mufīd; vol. 4 by Maktabat ʻAzīzī; vol. 5 by Intishārāt Dāwarī.</subfield>
	</datafield>
	<datafield ind1=" " ind2=" " tag="500">
		<subfield code="a">Part of the Arabic Collections Online (ACO) project, contributed by Princeton University Libraries.</subfield>
	</datafield>
	<datafield ind1=" " ind2=" " tag="504">
		<subfield code="a">Includes bibliographical references.</subfield>
	</datafield>
	<datafield ind1=" " ind2=" " tag="533">
		<subfield code="a">Electronic reproduction.</subfield>
		<subfield code="b">New York, N.Y. :</subfield>
		<subfield code="c">New York University,</subfield>
		<subfield code="d">2020.</subfield>
		<subfield code="5">NNU</subfield>
	</datafield>
	<datafield ind1="1" ind2="0" tag="600">
		<subfield code="6">880-05</subfield>
		<subfield code="a">Anṣārī, Murtaḍá ibn Muḥammad Amīn,</subfield>
		<subfield code="d">1799 or 1800-1864.</subfield>
		<subfield code="t">Rasāʼil.</subfield>
	</datafield>
	<datafield ind1="0" ind2="7" tag="630">
		<subfield code="a">Rasāʼil (Anṣārī, Murtaḍá ibn Muḥammad Amīn)</subfield>
		<subfield code="2">fast</subfield>
		<subfield code="0">(OCoLC)fst01378869</subfield>
	</datafield>
	<datafield ind1="1" ind2="4" tag="600">
		<subfield code="6">880-06</subfield>
		<subfield code="a">Anṣārī, Murtaḍá ibn Muḥammad Amīn,</subfield>
		<subfield code="d">1799 or 1800-1864.</subfield>
		<subfield code="t">Rasāʼil.</subfield>
	</datafield>
	<datafield ind1=" " ind2="0" tag="650">
		<subfield code="a">Islamic law</subfield>
		<subfield code="x">Interpretation and construction.</subfield>
	</datafield>
	<datafield ind1=" " ind2="7" tag="650">
		<subfield code="a">Islamic law</subfield>
		<subfield code="x">Interpretation and construction.</subfield>
		<subfield code="2">fast</subfield>
		<subfield code="0">(OCoLC)fst00979955</subfield>
	</datafield>
	<datafield ind1="2" ind2=" " tag="710">
		<subfield code="a">Princeton University.</subfield>
		<subfield code="b">Library.</subfield>
	</datafield>
	<datafield ind1="0" ind2=" " tag="730">
		<subfield code="a">Arabic Collections Online.</subfield>
	</datafield>
	<datafield ind1="0" ind2="8" tag="776">
		<subfield code="i">Online version:</subfield>
		<subfield code="a">Marūjī al-Qazwīnī, ʻAlī.</subfield>
		<subfield code="t">Tamhīd al-wasāʼil fī sharḥ al-Rasāʼil li-ustādh al-fuqahāʼ wa-al-mujtahidīn al-Shaykh Murtaḍá al-Anṣārī .</subfield>
		<subfield code="b">al-Ṭabʻah 1.</subfield>
		<subfield code="d">[Iran?] : Maṭbaʻat Maktab al-Nashr al-Islāmī, 1410- [1989 or 1990-</subfield>
		<subfield code="w">(OCoLC)607875035</subfield>
	</datafield>
	<datafield ind1="0" ind2="8" tag="776">
		<subfield code="i">Print version:</subfield>
		<subfield code="a">Marūjī al-Qazwīnī, ʻAlī.</subfield>
		<subfield code="t">Tamhīd al-wasāʼil fī sharḥ al-Rasāʼil li-ustādh al-fuqahāʼ wa-al-mujtahidīn al-Shaykh Murtaḍá al-Anṣārī</subfield>
		<subfield code="w">(NjP)811145</subfield>
		<subfield code="w">(OCoLC)28225430</subfield>
	</datafield>
	<datafield ind1="4" ind2="0" tag="856">
		<subfield code="u">http://hdl.handle.net/2333.1/sf7m0pf5</subfield>
	</datafield>
	<datafield ind1="4" ind2="0" tag="856">
		<subfield code="u">http://hdl.handle.net/2333.1/sf7m0pf5</subfield>
	</datafield>
	<datafield ind1="1" ind2=" " tag="880">
		<subfield code="6">100-01</subfield>
		<subfield code="a">مروجى القزوينى، على.</subfield>
	</datafield>
	<datafield ind1="1" ind2="0" tag="880">
		<subfield code="6">245-02</subfield>
		<subfield code="a">تمهيد الوسائل فى شرح الرسائل لاستاذ الفقهاء والمجتهدين الشيخ مرتضى الانصارى /</subfield>
		<subfield code="c">تأليف على المروجى القزوينى.</subfield>
	</datafield>
	<datafield ind1=" " ind2=" " tag="880">
		<subfield code="6">250-03</subfield>
		<subfield code="a">الطبعة 1.</subfield>
	</datafield>
	<datafield ind1=" " ind2=" " tag="880">
		<subfield code="6">260-04</subfield>
		<subfield code="a">[Iran?] :</subfield>
		<subfield code="b">مطبعة مكتب النشر الاسلامى،</subfield>
		<subfield code="c">1410- [1989 or 1990]-</subfield>
	</datafield>
	<datafield ind1="1" ind2="4" tag="880">
		<subfield code="6">600-05</subfield>
		<subfield code="a">انصارى، مرتضى بن محمد أمين.</subfield>
		<subfield code="t">رسائل.</subfield>
	</datafield>
	<datafield ind1="1" ind2="4" tag="880">
		<subfield code="6">600-06</subfield>
		<subfield code="a">انصارى، مرتضى بن محمد أمين.</subfield>
		<subfield code="t">رسائل.</subfield>
	</datafield>
	<datafield ind1=" " ind2=" " tag="959">
		<subfield code="a">NNU</subfield>
		<subfield code="b">WEB</subfield>
		<subfield code="c">GENI</subfield>
		<subfield code="t">0</subfield>
		<subfield code="m">Electronic access</subfield>
		<subfield code="s">01</subfield>
	</datafield>
	<datafield ind1=" " ind2=" " tag="959">
		<subfield code="a">NNU</subfield>
		<subfield code="b">WEB</subfield>
		<subfield code="c">GENI</subfield>
		<subfield code="t">0</subfield>
		<subfield code="m">Electronic access</subfield>
		<subfield code="s">01</subfield>
	</datafield>
	<datafield ind1=" " ind2=" " tag="999">
		<subfield code="i">NjP_811145</subfield>
		<subfield code="o">(OCoLC)ocm28225430</subfield>
		<subfield code="s">princeton_aco004061:juz 1</subfield>
		<subfield code="s">princeton_aco004260:juz 3</subfield>
		<subfield code="s">princeton_aco004062:juz 2</subfield>
		<subfield code="s">princeton_aco004063:juz 4</subfield>
		<subfield code="s">princeton_aco004064:juz 5</subfield>
		<subfield code="s">princeton_aco004065:juz 6</subfield>
		<subfield code="s">princeton_aco004066:juz 7</subfield>
		<subfield code="s">princeton_aco004067:juz 8</subfield>
		<subfield code="s">princeton_aco004068:juz 9</subfield>
		<subfield code="s">princeton_aco004069:juz 10</subfield>
		<subfield code="s">princeton_aco004070:juz 11</subfield>
		<subfield code="s">princeton_aco004071:juz 12</subfield>
		<subfield code="s">princeton_aco004061:juz 1</subfield>
		<subfield code="s">princeton_aco004260:juz 3</subfield>
		<subfield code="s">princeton_aco004062:juz 2</subfield>
		<subfield code="s">princeton_aco004063:juz 4</subfield>
		<subfield code="s">princeton_aco004064:juz 5</subfield>
		<subfield code="s">princeton_aco004065:juz 6</subfield>
		<subfield code="s">princeton_aco004066:juz 7</subfield>
		<subfield code="s">princeton_aco004067:juz 8</subfield>
		<subfield code="s">princeton_aco004068:juz 9</subfield>
		<subfield code="s">princeton_aco004069:juz 10</subfield>
		<subfield code="s">princeton_aco004070:juz 11</subfield>
		<subfield code="s">princeton_aco004071:juz 12</subfield>
	</datafield>
</record>
